ISA*00*          *00*          *ZZ*EMEDNYBAT      *ZZ*ETIN           *141231*1159*^*00501*003333333*0*T*:~GS*RA*EMEDNYBAT*ETIN*20141231*11595900*333333333*X*005010X218~ST*820*222222222*005010X218~BPR*I*566.29*C*ACH*CCP*01*111111111***1141797357**01*012345678*DA*111111111*20150121~TRN*3*021300000000000*1141797357~REF*14*12345678~N1*PE*MANAGED CARE*FI*123456789~N1*PR*NYSDOH*FI*141797357~ENT*1*2L*24*141797357~RMR*1L*12345678**-63.34~REF*ZZ*RECOVERY OF FUNDS~RMR*1L*12345678**8.89~REF*ZZ*COURT ORDERED PAYMENT~RMR*1L*12345678**-12.67~REF*ZZ*STATE MANDATED PAYMENT REDUCT~ENT*2*2J*EI*PATIENT ACCOUNT NUMBER~NM1*QE*1*LAST NAME*FIRST NAME****N*LL99999L~RMR*IK*1000210000000020**183.47*1.83~ADX*181.64*IA~ENT*3*2J*EI*PATIENT ACCOUNT NUMBER~NM1*QE*1*LAST NAME*FIRST NAME****N*LL88888L~RMR*IK*1000210000000020**449.94*4.49~ADX*445.45*IA~SE*22*222222222~GE*1*333333333~IEA*1*003333333~