ISA*00*          *00*          *ZZ*EMEDNYBAT      *ZZ*ETIN           *130804*1121*^*00501*006000001*0*T*:~GS*RA*EMEDNYBAT*ETIN*20100101*11212100*6000001*X*005010X218~ST*820*173900001*005010X218~BPR*I*0*C*NON******1234567890******20100101~TRN*3*021300000000000*1123456789~REF*14*12345678~N1*PE*MANAGED CARE*FI*123456789~N1*PR*NYSDOH*FI*141797357~N3*OFFICE OF HEALTH INSURANCE PROGRAMS*CORNING TOWER, EMPIRE STATE PLAZA~N4*ALBANY*NY*12204~ENT*1*2L*24*141797357~RMR*1L*01234567**-63.37~REF*ZZ*RECOVERY OF FUNDS~RMR*1L*01234567**-56.63~REF*ZZ*STATE MANDATED PAYMENT REDUCT~ENT*2*2J*EI*PATIENT ACCOUNT NUMBER~NM1*QE*1*LAST NAME*FIRST NAME****N*LL88888L~RMR*IK*1320600000000020**120*2971.11~ADX*-2851.11*H1~SE*18*173900001~GE*1*6000001~IEA*1*006000001~