ISA*00*          *00*          *ZZ*EMEDNYBAT      *ZZ*ETIN           *150105*1132*^*00501*005113240*0*T*:~GS*RA*EMEDNYBAT*ETIN*20150105*11323900*5113240*X*005010X218~ST*820*221500001*005010X218~BPR*I*123.45*C*CHK******1141797357******20150105~TRN*3*000000032788113*1141797357~REF*14*12345678~N1*PE**FI*123456789~N1*PR*BASIC HEALTH PLAN~N3*OFFICE OF HEALTH INSURANCE PROGRAMS*CORNING TOWER, EMPIRE STATE PLAZA~N4*ALBANY*NY*122370080~ENT*1*2J*EI*LL88888L~NM1*QE*1*LASTNAME*FIRSTNAME****N*LL88888L~RMR*AZ*LL88888L**123.45~REF*ZZ*1500311111112540~REF*ZZ*0123456789~REF*LU*01~REF*ZZ*51~DTM*582****RD8*20141201-20141231~SE*14*221500001~GE*1*5113240~IEA*1*005113240~                                          