ISA*00*          *00*          *ZZ*EMEDNYBAT      *ZZ*ETIN           *141231*1159*^*00501*003333333*0*T*:~GS*RA*EMEDNYBAT*ETIN*20141231*11595900*333333333*X*005010X218~ST*820*222222222*005010X218~BPR*I*239.6*C*ACH*CCP*01*111111111***1141797357**01*012345678*DA*111111111*20150121~TRN*3*021300000000000*1141797357~REF*14*12345678~N1*PE*MANAGED CARE*FI*123456789~N1*PR*CHILD HEALTH PLUS~ENT*1*2L*24*141797357~RMR*1L*12345678**-5.55~REF*ZZ*RECOVERY OF FUNDS~RMR*1L*12345678**96.96~REF*ZZ*LUMP SUM PAYMENT~ENT*2*2J*EI*PATIENT ACCOUNT NUMBER~NM1*QE*1*LAST NAME*FIRST NAME****N*LL99999L~RMR*AZ*12345678**148.19~REF*ZZ*1436500000001230~REF*ZZ*0123456789~REF*LU*01~DTM*582****RD8*20141201-20141231~SE*17*222222222~GE*1*333333333~IEA*1*003333333~